@book{boostingbook,
  title={Boosting: Foundations and algorithms},
  author={Schapire, Robert E and Freund, Yoav},
  year={2012},
  publisher={MIT press}
}

@book{wald1973,
  title={Sequential analysis},
  author={Wald, Abraham},
  year={1973},
  publisher={Courier Corporation}
}

@string{annstat={The Annals of Statistics}}

@Article{SchapireFrBaLe98,
  author = 	 {Robert E. Schapire and Yoav Freund and Peter Bartlett
		 and Wee Sun Lee},
  title = 	 {Boosting the margin: A new explanation for the
		 effectiveness of voting methods},
  journal = 	 annstat,
  year = 	 1998,
  month = 	 {October},
  volume = 	 26,
  number = 	 5,
  pages=         {1651-1686}
}

@article{FreundMaSc04
,author=	{Yoav Freund and Yishay Mansour and Robert E. Schapire}
,title=         {Generalization bounds for averaged classifiers}
,journal=       annstat
,year=          2004
}

@string{jacm =	{Journal of the Association for Computing Machinery}}

@Article{CesabianchiFrHeHaScWa97,
title={How to Use Expert Advice},
author={Nicol{\`o} Cesa-Bianchi and Yoav Freund and David Haussler and
David P. Helmbold and Robert E. Schapire and Manfred K. Warmuth},
journal=jacm,
pages={427--485},
month=may,
year=1997,
volume=44,
number=3
}

@string{jcss = 	{Journal of Computer and System Sciences}}
@article{FreundSc97
,author=	{Yoav Freund and Robert E. Schapire}
,title=		{A decision-theoretic generalization of on-line
		 learning and an application to boosting}
,journal=	jcss
,year=		1997
,volume=	55
,number=	1
,month=		aug
,pages=		{119-139}		  
}

@article{FreundOp02
,author=	{Yoav Freund and Manfred Opper}
,title=		{Drifting Games and {B}rownian Motion}
,journal=	jcss
,year=		2002
,volume=	64
,pages=		{113--132}		  
}

@string{focs95 = {36th Annual Symposium on Foundations of Computer Science}}
@inproceedings{FreundKeMaRoRuSc95
,author=	{Yoav Freund and Michael Kearns and Yishay Mansour and
		 Dana Ron and Ronitt Rubinfeld and Robert E. Schapire}
,title=		{Efficient Algorithms for Learning to Play Repeated
		 Games Against Computationally Bounded Adversaries}
,booktitle=	focs95
,pages=		{332-341}
,year=		1995
}

@Article{FreundSc99,
  author = 	 {Yoav Freund and Robert E. Schapire},
  title = 	 {Adaptive game playing using multiplicative weights},
  journal = 	 {Games and Economic Behavior},
  year = 	 1999,
  volume=        29,
  pages=         {79-103}
}

@Article{DasguptaFr09,
  author = 	 {Sanjoy Dasgupta and Yoav Freund},
  title = 	 {Random projection trees for Vector Quantization},
  journal = 	 {IEEE Transactions on Information Theory},
  year = 	 2009,
  volume = 	 55,
  number = 	 7,
  month = 	 {July}}


@InProceedings{LevinViFr03,
  author = 	 {Anat Levin and Paul Viola and Yoav Freund},
  title = 	 {Unsupervised Improvement of Visual Detectors using Co-Training},
  Booktitle =	 {Proceedings of the International Conference on Computer Vision},
  year =	 2003
}

@Article{Giannone07,
  author = 	 {Gregory Giannone and Benjamin J. Dubin-Thaler and Olivier Rossier and Yunfei Cai and Oleg Chaga and Guoying Jiang and William Beaver and Hans-Gunther Dobereiner and Yoav Freund and Gary Borisy and Michael P. Sheetz },
  title = 	 {Lamellipodial Actin Mechanically Links Myosin Activity with Adhesion-Site Formation},
  journal = 	 {Cell},
  year = 	 2007,
  volume = 	 128,
  pages = 	 {561-575},
  month = 	 {February}}

@Article{PareLeKoBeFrMc09,
  author = 	 {Pare A. and Lemons D. and Kosman D. and Beaver W. and Freund Y. and McGinnis W.},
  title = 	 {Visualization of Individual Scr mRNAs during Drosophila Embryogenesis Yields Evidence for Transcriptional Bursting},
  journal = 	 {Current Biology},
  year = 	 2009,
  month = 	 {Nov.}}

@Article{Valmianski10,
  author = 	 {Valmianski I. and Shih A.Y. and Driscoll J.D. and Matthews D.W. and Freund Y. and Kleinfeld D.},
  title = 	 {Automatic identification of fluorescently labeled brain cells for rapid functional imaging},
  journal = 	 {Journal of Neurophysiology},
  year = 	 2010,
  month = 	 {July}}

@InProceedings{KabraFrBa08,
  author = 	 {Mayank Kabra and Yoav Freund and Stephen Baird},
  title = 	 {Selective Scanning for faster Prostate Pathology},
  booktitle = {Proceedings of the workshop on Bio-Image Informatics},
  year = 	 2008,
  organization = {UC Santa Barbara}}

@Article{ChenEtAl2019,
  author = 	 {Chen Y {\it et all.}},
  title = 	 {An active texture-based digital atlas enables automated
mapping of structures and markers across brains},
  journal = 	 {Nature Methods},
  year = 	 2019,
  volume = 	 16,
  number = 	 9,
  month = 	 {April}}

@Article{LiuFrSp08,
  author = 	 {Roy Liu and Yoav Freund and Glen Spraggon},
  title = 	 {Image-based crystal detection: a machine-learning approach},
  journal = 	 {ActaCryst D.},
  year = 	 2008,
  volume = 	 64,
  number = 	 12,
  pages = 	 {1187â€“1195}}

%%%%%%%%%%%%%%%%%%%%%%%%%%%%%%%%%%%%%%%%%%%%%%%%%%%%%%%%%%%%%%%%%%%%%
%%%%%%%%%%%%%%%%%%%%%%%%%%%%%%%%%%%%%%%%%%%%%%%%%%%%%%%%%%%%%%%%%%%%%
@article{Gerstoft2015,
	Author = {Gerstoft, P. and Xenaki, A. and Mecklenbr{\"a}uker, C.F.},
	Journal = {J. Acoust. Soc. Am.},
	Number = {4},
	Pages = {2003--2014},
	Publisher = {Acoustical Society of America},
	Title = {Multiple and single snapshot compressive beamforming},
	Volume = {138},
	Year = {2015}}
@article{gerstoft1994,
  title={Inversion of seismoacoustic data using genetic algorithms and a posteriori probability distributions},
  author={Gerstoft, Peter},
  journal={The Journal of the Acoustical Society of America},
  volume={95},
  number={2},
  pages={770--782},
  year={1994},
  publisher={ASA}
}

@article{niu2017source,
  title={Source localization in an ocean waveguide using supervised machine learning},
  author={Niu, Haiqiang and Reeves, Emma and Gerstoft, Peter},
  journal={The Journal of the Acoustical Society of America},
  volume={142},
  number={3},
  pages={1176--1188},
  year={2017},
  publisher={ASA}
}

@article{gerstoft2016,
  title={Multisnapshot sparse Bayesian learning for DOA},
  author={Gerstoft, Peter and Mecklenbr{\"a}uker, Christoph F and Xenaki, Angeliki and Nannuru, Santosh},
  journal={IEEE Signal Processing Letters},
  volume={23},
  number={10},
  pages={1469--1473},
  year={2016},
  publisher={IEEE}
}
@article{XenakiCS:2014,
	Author = {Xenaki, A. and Gerstoft, P. and Mosegaard, K.},
	Date-Added = {2014-12-08 15:48:00 +0000},
	Date-Modified = {2014-12-08 15:48:00 +0000},
	Journal = {J. Acoust. Soc. Am.},
	Number = {1},
	Pages = {260--271},
	Title = {Compressive beamforming},
	Volume = {\textbf{136}},
	Year = {2014}}

@article{riahi2015,
  title={The seismic traffic footprint: Tracking trains, aircraft, and cars seismically},
  author={Riahi, Nima and Gerstoft, Peter},
  journal={Geophysical Research Letters},
  volume={42},
  number={8},
  pages={2674--2681},
  year={2015},
  publisher={Wiley Online Library}
}
@book{zoubir2018,
	Author = {Zoubir, A. M. and Koivunen, V. and Ollila, E. and Muma, M.},
	Date-Added = {2019-04-26 17:14:58 -0700},
	Date-Modified = {2019-04-26 17:14:58 -0700},
	Publisher = {Cambridge University Press},
	Title = {Robust Statistics for Signal Processing},
	Year = {2018}}

@article{gerstoft2006,
	Author = {Gerstoft, Peter and Sabra, Karim G and Roux, Philippe and Kuperman, WA and Fehler, Michael C},
	Date-Added = {2019-04-25 11:36:04 -0700},
	Date-Modified = {2019-04-25 11:36:30 -0700},
	Journal = {Geophysics},
	Number = {4},
	Pages = {SI23--SI31},
	Publisher = {Society of Exploration Geophysicists},
	Title = {Green's functions extraction and surface-wave tomography from microseisms in southern California},
	Volume = {71},
	Year = {2006}}

@article{sabra2005,
	Author = {Sabra, Karim G and Gerstoft, Peter and Roux, Philippe and Kuperman, WA and Fehler, Michael C},
	Date-Added = {2019-04-25 11:35:11 -0700},
	Date-Modified = {2019-04-25 11:35:44 -0700},
	Journal = {Geophysical Research Letters},
	Number = {14},
	Publisher = {Wiley Online Library},
	Title = {Surface wave tomography from microseisms in Southern California},
	Volume = {32},
	Year = {2005}}

@article{ravishankar2011,
	Author = {Ravishankar, Saiprasad and Bresler, Yoram},
	Date-Added = {2019-04-23 16:09:46 -0700},
	Date-Modified = {2019-04-23 16:10:07 -0700},
	Journal = {IEEE transactions on medical imaging},
	Number = {5},
	Pages = {1028--1041},
	Publisher = {IEEE},
	Title = {MR image reconstruction from highly undersampled k-space data by dictionary learning},
	Volume = {30},
	Year = {2011}}

@book{elad2010,
	Author = {Elad, Michael},
	Date-Added = {2019-04-23 16:05:48 -0700},
	Date-Modified = {2019-04-23 16:06:00 -0700},
	Publisher = {Springer Science \& Business Media},
	Title = {Sparse and redundant representations: from theory to applications in signal and image processing},
	Year = {2010}}

@article{kong2018,
	Author = {Kong, Qingkai and Trugman, Daniel T and Ross, Zachary E and Bianco, Michael J and Meade, Brendan J and Gerstoft, Peter},
	Date-Added = {2019-04-23 16:03:01 -0700},
	Date-Modified = {2019-04-23 16:03:58 -0700},
	Journal = {Seismological Research Letters},
	Number = {1},
	Pages = {3--14},
	Publisher = {Seismological Society of America},
	Title = {Machine learning in seismology: Turning data into insights},
	Volume = {90},
	Year = {2018}}

@inproceedings{mesaros2017dcase,
  title={DCASE 2017 challenge setup: Tasks, datasets and baseline system},
  author={Mesaros, Annamaria and Heittola, Toni and Diment, Aleksandr and Elizalde, Benjamin and Shah, Ankit and Vincent, Emmanuel and Raj, Bhiksha and Virtanen, Tuomas},
  booktitle={Worksh. Detect. Class. Acoust. Scenes and Events},
  year={2017}
},

@article{shapiro2005,
  title={High-resolution surface-wave tomography from ambient seismic noise},
  author={Shapiro, Nikolai M and Campillo, Michel and Stehly, Laurent and Ritzwoller, Michael H},
  journal={Science},
  volume={307},
  number={5715},
  pages={1615--1618},
  year={2005},
  publisher={American Association for the Advancement of Science}
}

@article{dokmanic2015,
  title={Euclidean distance matrices: essential theory, algorithms, and applications},
  author={Dokmanic, Ivan and Parhizkar, Reza and Ranieri, Juri and Vetterli, Martin},
  journal={IEEE Signal Processing Magazine},
  volume={32},
  number={6},
  pages={12--30},
  year={2015},
  publisher={IEEE}
}

@article{bianco2018,
	Author = {Bianco, Michael J and Gerstoft, Peter},
	Date-Added = {2019-04-23 15:58:17 -0700},
	Date-Modified = {2019-04-23 15:58:35 -0700},
	Journal = {IEEE Transactions on Computational Imaging},
	Number = {4},
	Pages = {499--511},
	Publisher = {IEEE},
	Title = {Travel time tomography with adaptive dictionaries},
	Volume = {4},
	Year = {2018}}

@article{Bianco2017,
	Author = {Bianco, M. and Gerstoft, P.},
	Date-Added = {2019-04-23 15:57:29 -0700},
	Date-Modified = {2019-04-23 15:57:29 -0700},
	Journal = {J. Acoust. Soc. Am.},
	Number = {3},
	Pages = {1749--1758},
	Publisher = {ASA},
	Title = {Dictionary learning of sound speed profiles},
	Volume = {141},
	Year = {2017}}

@book{mallat1999,
	Author = {Mallat, St{\'e}phane},
	Date-Added = {2019-04-23 15:55:44 -0700},
	Date-Modified = {2019-04-23 15:57:16 -0700},
	Publisher = {Elsevier},
	Title = {A wavelet tour of signal processing},
	Year = {1999}}

@misc{gerstoft2018,
	Author = {Gerstoft, Peter and Mecklenbr{\"a}uker, Christoph F and Seong, Woojae and Bianco, Michael},
	Date-Added = {2019-04-23 15:52:54 -0700},
	Date-Modified = {2019-04-23 15:54:10 -0700},
	Publisher = {ASA},
	Title = {Introduction to compressive sensing in acoustics},
	Year = {2018}}

@article{saab2007underdetermined,
  title={Underdetermined Anechoic Blind Source Separation via $\ell^{q}$ -Basis-Pursuit With $ q \ll 1$},
  author={Saab, Rayan and Yilmaz, Ozgur and McKeown, Martin J and Abugharbieh, Rafeef},
  journal={IEEE Transactions on Signal Processing},
  volume={55},
  number={8},
  pages={4004--4017},
  year={2007},
  publisher={IEEE}
}

@article{Gemba2017,
	Author = {Gemba, K. L and Nannuru, S. and Gerstoft, P. and Hodgkiss, W.S.},
	Date-Added = {2019-04-23 15:52:00 -0700},
	Date-Modified = {2019-04-23 15:52:00 -0700},
	Journal = {J. Acoust. Soc. Am.},
	Number = {5},
	Pages = {3411--3420},
	Publisher = {ASA},
	Title = {Multi-frequency sparse {B}ayesian learning for robust matched field processing},
	Volume = {141},
	Year = {2017}}

@article{Xenaki2014,
	Author = {Xenaki, A. and Gerstoft, P. and Mosegaard, K.},
	Date-Added = {2019-04-23 15:49:44 -0700},
	Date-Modified = {2019-04-23 15:49:58 -0700},
	Journal = {J. Acoust. Soc. Am.},
	Number = {1},
	Pages = {260--271},
	Title = {Compressive beamforming},
	Volume = {\textbf{136}},
	Year = {2014}}
@article{bromirski2017,
author = {Bromirski, P. D. and Chen, Z. and Stephen, R. A. and Gerstoft, P. and Arcas, D. and Diez, A. and Aster, R. C. and Wiens, D. A. and Nyblade, A.},
title = {Tsunami and infragravity waves impacting {A}ntarctic ice shelves},
journal = {Journal of Geophysical Research: Oceans},
volume = {122},
number = {7},
pages = {5786-5801},
doi = {10.1002/2017JC012913},
year = {2017}
}

@article{bromirski2015,
author = {Bromirski, P. D. and Diez, A. and Gerstoft, P. and Stephen, R. A. and Bolmer, T. and Wiens, D. A. and Aster, R. C. and Nyblade, A.},
title = {{Ross Ice Shelf vibrations}},
journal = {Geophysical Research Letters},
volume = {42},
number = {18},
pages = {7589-7597},
doi = {10.1002/2015GL065284},
year = {2015}
}
@article{chen2018, 
title={{Ocean-excited plate waves in the Ross and Pine Island Glacier ice shelves}},
volume={64}, 
doi={10.1017/jog.2018.66}, 
number={247}, 
journal={Journal of Glaciology}, 
publisher={Cambridge University Press}, 
author={Chen, Zhao and Bromirski, Peter D. and Gerstoft, Peter and Stephen, Ralph A. and Wiens, Douglas A. and Aster, Richard C. and Nyblade, Andrew A.}, 
year={2018}, 
pages={730-744}
}

@article{diez2016,
author = {Diez, A. and Bromirski, P.D. and Gerstoft, P. and Stephen, R.A. and Anthony, R.E. and Aster, R.C. and Cai, C. and Nyblade, A. and Wiens, D.A.},
title = {{Ice shelf structure derived from dispersion curve analysis of ambient seismic noise, Ross Ice Shelf, Antarctica}},
journal = {Geophysical Journal International},
volume = {205},
number = {2},
pages = {785-795},
year = {2016},
doi = {10.1093/gji/ggw036},
}
@article{white2019,
  title={Heterogeneous upper mantle structure beneath the Ross Sea Embayment and Marie Byrd Land, West Antarctica, revealed by P-wave tomography},
  author={White-Gaynor, Austin L and Nyblade, Andrew A and Aster, Richard C and Wiens, Douglas A and Bromirski, Peter D and Gerstoft, Peter and Stephen, Ralph A and Hansen, Samantha E and Wilson, Terry and Dalziel, Ian W and others},
  journal={Earth and Planetary Science Letters},
  volume={513},
  pages={40--50},
  year={2019},
  publisher={Elsevier}
}
@article{shen2018,
  title={The crust and upper mantle structure of central and West Antarctica from Bayesian inversion of Rayleigh wave and receiver functions},
  author={Shen, Weisen and Wiens, Douglas A and Anandakrishnan, Sridhar and Aster, Richard C and Gerstoft, Peter and Bromirski, Peter D and Hansen, Samantha E and Dalziel, Ian WD and Heeszel, David S and Huerta, Audrey D and others},
  journal={Journal of Geophysical Research: Solid Earth},
  volume={123},
  number={9},
  pages={7824--7849},
  year={2018},
  publisher={Wiley Online Library}
}
@article{chaput2018,
  title={Near-Surface Environmentally Forced Changes in the Ross Ice Shelf Observed With Ambient Seismic Noise},
  author={Chaput, Julien and Aster, Richard C and McGrath, Daniel and Baker, M and Anthony, Robert E and Gerstoft, Peter and Bromirski, P and Nyblade, A and Stephen, Ralph A and Wiens, Douglas A and others},
  journal={Geophysical Research Letters},
  volume={45},
  number={20},
  pages={11--187},
  year={2018},
  publisher={Wiley Online Library}
}
@article{daubechies2003approximating,
  title={Approximating a bandlimited function using very coarsely quantized data: A family of stable sigma-delta modulators of arbitrary order},
  author={Daubechies, Ingrid and DeVore, Ron},
  journal={Annals of mathematics},
  volume={158},
  number={2},
  pages={679--710},
  year={2003},
  publisher={JSTOR}
}

@book{ledoux2001concentration,
  title={The concentration of measure phenomenon},
  author={Ledoux, Michel},
  number={89},
  year={2001},
  publisher={American Mathematical Soc.}
}

@inproceedings{rahimi2008random,
  title={Random features for large-scale kernel machines},
  author={Rahimi, Ali and Recht, Benjamin},
  booktitle={Advances in neural information processing systems},
  pages={1177--1184},
  year={2008}
}

@article{iwen2019new,
  title={New Algorithms and Improved Guarantees for One-Bit Compressed Sensing on Manifolds},
  author={Iwen, Mark and Lybrand, Eric and Nelson, Aaron and Saab, Rayan},
  journal={arXiv preprint arXiv:1902.03726},
  year={2019}
}

@article{wang2008bayesian,
  title={Bayesian wavefield separation by transform-domain sparsity promotion},
  author={Wang, Deli and Saab, Rayan and Yilmaz, {\"O}zg{\"u}r and Herrmann, Felix J},
  journal={Geophysics},
  volume={73},
  number={5},
  pages={A33--A38},
  year={2008},
  publisher={Society of Exploration Geophysicists}
}

@article{gunturk2013sobolev,
  title={Sobolev duals for random frames and $\Sigma\Delta$ quantization of compressed sensing measurements},
  author={G{\"u}nt{\"u}rk, C Sinan and Lammers, Mark and Powell, Alexander M and Saab, Rayan and Y{\i}lmaz, {\"O}},
  journal={Foundations of Computational mathematics},
  volume={13},
  number={1},
  pages={1--36},
  year={2013},
  publisher={Springer}
}
@article{daubechies2015deterministic,
  title={A deterministic analysis of decimation for sigma-delta quantization of bandlimited functions},
  author={Daubechies, Ingrid and Saab, Rayan},
  journal={IEEE Signal Processing Letters},
  volume={22},
  number={11},
  pages={2093--2096},
  year={2015},
  publisher={IEEE}
}
@article{knudson2016one,
  title={One-bit compressive sensing with norm estimation},
  author={Knudson, Karin and Saab, Rayan and Ward, Rachel},
  journal={IEEE Transactions on Information Theory},
  volume={62},
  number={5},
  pages={2748--2758},
  year={2016},
  publisher={IEEE}
}

@article{friedlander2012recovering,
  title={Recovering compressively sampled signals using partial support information},
  author={Friedlander, Michael P and Mansour, Hassan and Saab, Rayan and Yilmaz, {\"O}zg{\"u}r},
  journal={IEEE Transactions on Information Theory},
  volume={58},
  number={2},
  pages={1122--1134},
  year={2012},
  publisher={IEEE}
}

@inproceedings{saab2008stable,
  title={Stable sparse approximations via nonconvex optimization},
  author={Saab, Rayan and Chartrand, Rick and Yilmaz, Ozgur},
  booktitle={2008 IEEE International Conference on Acoustics, Speech and Signal Processing},
  pages={3885--3888},
  year={2008},
  organization={IEEE}
}

@article{iwen2013near,
  title={Near-optimal encoding for sigma-delta quantization of finite frame expansions},
  author={Iwen, Mark and Saab, Rayan},
  journal={Journal of Fourier Analysis and Applications},
  volume={19},
  number={6},
  pages={1255--1273},
  year={2013},
  publisher={Springer}
}



@article{chou2016distributed,
  title={Distributed noise-shaping quantization: I. Beta duals of finite frames and near-optimal quantization of random measurements},
  author={Chou, Evan and G{\"u}nt{\"u}rk, C Sinan},
  journal={Constructive Approximation},
  volume={44},
  number={1},
  pages={1--22},
  year={2016},
  publisher={Springer}
}
	@article{donoho2006compressed,
  title={Compressed sensing},
  author={Donoho, David L and others},
  journal={IEEE Transactions on information theory},
  volume={52},
  number={4},
  pages={1289--1306},
  year={2006},
  publisher={Citeseer}
}
@article{candes2006stable,
  title={Stable signal recovery from incomplete and inaccurate measurements},
  author={Candes, Emmanuel J and Romberg, Justin K and Tao, Terence},
  journal={Communications on Pure and Applied Mathematics: A Journal Issued by the Courant Institute of Mathematical Sciences},
  volume={59},
  number={8},
  pages={1207--1223},
  year={2006},
  publisher={Wiley Online Library}
}
@article{fang2014sparse,
  title={Sparse signal recovery from one-bit quantized data: An iterative reweighted algorithm},
  author={Fang, Jun and Shen, Yanning and Li, Hongbin and Ren, Zhi},
  journal={Signal Processing},
  volume={102},
  pages={201--206},
  year={2014},
  publisher={Elsevier}
}

@article{huynh2018fast,
  title={Fast binary embeddings, and quantized compressed sensing with structured matrices},
  author={Huynh, Thang and Saab, Rayan},
  journal={arXiv preprint arXiv:1801.08639},
  year={2018}
}

@article{LybrandSaab2018,
    author = {Saab, Rayan and Lybrand, Eric},
    title = "{Quantization for low-rank matrix recovery}",
    journal = {Information and Inference: A Journal of the IMA},
    volume = {8},
    number = {1},
    pages = {161-180},
    year = {2018},
    month = {05},
    abstract = "{We study Sigmaâ€“Delta \\$(\\varSigma\\!\\varDelta) \\$ quantization methods coupled with appropriate reconstruction algorithms for digitizing randomly sampled low-rank matrices. We show that the reconstruction error associated with our methods decays polynomially with the oversampling factor, and we leverage our results to obtain root-exponential accuracy by optimizing over the choice of quantization scheme. Additionally, we show that a random encoding scheme, applied to the quantized measurements, yields a near-optimal exponential bit rate. As an added benefit, our schemes are robust both to noise and to deviations from the low-rank assumption. In short, we provide a full generalization of analogous results, obtained in the classical setup of band-limited function acquisition, and more recently, in the finite frame and compressed sensing setups to the case of low-rank matrices sampled with sub-Gaussian linear operators. Finally, we believe our techniques for generalizing results from the compressed sensing setup to the analogous low-rank matrix setup is applicable to other quantization schemes.}",
    issn = {2049-8772},
    doi = {10.1093/imaiai/iay007},
    url = {https://doi.org/10.1093/imaiai/iay007},
    eprint = {http://oup.prod.sis.lan/imaiai/article-pdf/8/1/161/28053166/iay007.pdf},
}




@ARTICLE{SaabIEEEIT, 
author={R. {Saab} and R. {Wang} and O. {YÄ±lmaz}}, 
journal={IEEE Transactions on Information Theory}, 
title={From Compressed Sensing to Compressed Bit-Streams: Practical Encoders, Tractable Decoders}, 
year={2018}, 
volume={64}, 
number={9}, 
pages={6098-6114}, 
keywords={compressed sensing;convex programming;signal detection;signal sampling;compressive acquisition;compressed representations;compressive signal acquisition stage;analog compressive samples;compressed digital bitstreams;sparse signals;compressible signals;Encoding;Quantization (signal);Compressed sensing;Random variables;Decoding;Measurement uncertainty;Sensors;Compressed sensing;quantization;source coding;exponential accuracy;analog-to-information conversion}, 
doi={10.1109/TIT.2017.2731965}, 
ISSN={0018-9448}, 
month={Sep.},}

@article{saab2018quantization,
  title={Quantization of compressive samples with stable and robust recovery},
  author={Saab, Rayan and Wang, Rongrong and Y{\i}lmaz, {\"O}zg{\"u}r},
  journal={Applied and Computational Harmonic Analysis},
  volume={44},
  number={1},
  pages={123--143},
  year={2018},
  publisher={Elsevier}
}

@inproceedings{boufounos20081,
  title={1-bit compressive sensing},
  author={Boufounos, Petros T and Baraniuk, Richard G},
  booktitle={2008 42nd Annual Conference on Information Sciences and Systems},
  pages={16--21},
  year={2008},
  organization={IEEE}
}

@article{le2005analog,
  title={Analog-to-digital converters},
  author={Le, Bin and Rondeau, Thomas W and Reed, Jeffrey H and Bostian, Charles W},
  journal={IEEE Signal Processing Magazine},
  volume={22},
  number={6},
  pages={69--77},
  year={2005},
  publisher={New York, NY: Institute of Electrical \& Electronic Engineers, c1991-}
}

@article{jacques2013robust,
  title={Robust 1-bit compressive sensing via binary stable embeddings of sparse vectors},
  author={Jacques, Laurent and Laska, Jason N and Boufounos, Petros T and Baraniuk, Richard G},
  journal={IEEE Transactions on Information Theory},
  volume={59},
  number={4},
  pages={2082--2102},
  year={2013},
  publisher={IEEE}
}

@TechReport{AbramsonFr04,
  author = 	 {Yotam Abramson and Yoav Freund},
  title = 	 {Active learning for visual object recognition},
  institution =  {UCSD},
  year = 	 2004,
  key = 	 {TR CS2006-087CS2006-0871}
  }

@InCollection{EttingerFr11,
  author = 	 {Evan Ettinger and Yoav Freund},
  title = 	 {Camera Pointing with Coordinate-Free Localization and Tracking},
  booktitle = 	 {Advances in Sound Localization},
  publisher =  {Intech},
  year = 	 2011,
  editor = 	 {Pawel Strumillo},
  note = 	 {http://www.intechopen.com/articles/show/title/camera-pointing-with-coordinate-free-localization-and-tracking}
}

@article{riahi2017,
  title={Using graph clustering to locate sources within a dense sensor array},
  author={Riahi, Nima and Gerstoft, Peter},
  journal={Signal Processing},
  volume={132},
  pages={110--120},
  year={2017},
  publisher={Elsevier}
}

@article{micchelli2006universal,
  title={Universal kernels},
  author={Micchelli, Charles A and Xu, Yuesheng and Zhang, Haizhang},
  journal={Journal of Machine Learning Research},
  volume={7},
  number={Dec},
  pages={2651--2667},
  year={2006}
}

@article{muandet2017kernel,
  title={Kernel mean embedding of distributions: A review and beyond},
  author={Muandet, Krikamol and Fukumizu, Kenji and Sriperumbudur, Bharath and Sch{\"o}lkopf, Bernhard and others},
  journal={Foundations and Trends{\textregistered} in Machine Learning},
  volume={10},
  number={1-2},
  pages={1--141},
  year={2017},
  publisher={Now Publishers, Inc.}
}

@article{cheng2017two,
  title={Two-sample statistics based on anisotropic kernels},
  author={Cheng, Xiuyuan and Cloninger, Alexander and Coifman, Ronald R},
  journal={arXiv preprint arXiv:1709.05006},
  year={2017}
}

@article{gribonval2017compressive,
  title={Compressive statistical learning with random feature moments},
  author={Gribonval, R{\'e}mi and Blanchard, Gilles and Keriven, Nicolas and Traonmilin, Yann},
  journal={arXiv preprint arXiv:1706.07180},
  year={2017}
}
@book{vershynin2018high,
  title={High-dimensional probability: An introduction with applications in data science},
  author={Vershynin, Roman},
  volume={47},
  year={2018},
  publisher={Cambridge University Press}
}
@inproceedings{raginsky2009locality,
  title={Locality-sensitive binary codes from shift-invariant kernels},
  author={Raginsky, Maxim and Lazebnik, Svetlana},
  booktitle={Advances in neural information processing systems},
  pages={1509--1517},
  year={2009}
}

@book{talagrand2006generic,
  title={The generic chaining: upper and lower bounds of stochastic processes},
  author={Talagrand, Michel},
  year={2006},
  publisher={Springer Science \& Business Media}
}

@inproceedings{le2013fastfood,
  title={Fastfood-approximating kernel expansions in loglinear time},
  author={Le, Quoc and Sarl{\'o}s, Tam{\'a}s and Smola, Alex},
  booktitle={Proceedings of the international conference on machine learning},
  volume={85},
  year={2013}
}

@article{le2014fastfood,
  title={Fastfood: Approximate kernel expansions in loglinear time},
  author={Le, Quoc Viet and Sarlos, Tamas and Smola, Alexander Johannes},
  journal={arXiv preprint arXiv:1408.3060},
  year={2014}
}

@inproceedings{dasgupta2011fast,
  title={Fast locality-sensitive hashing},
  author={Dasgupta, Anirban and Kumar, Ravi and Sarl{\'o}s, Tam{\'a}s},
  booktitle={Proceedings of the 17th ACM SIGKDD international conference on Knowledge discovery and data mining},
  pages={1073--1081},
  year={2011},
  organization={ACM}
}

@inproceedings{sriperumbudur2015optimal,
  title={Optimal rates for random fourier features},
  author={Sriperumbudur, Bharath and Szab{\'o}, Zolt{\'a}n},
  booktitle={Advances in Neural Information Processing Systems},
  pages={1144--1152},
  year={2015}
}

@article{gretton2012kernel,
  title={A kernel two-sample test},
  author={Gretton, Arthur and Borgwardt, Karsten M and Rasch, Malte J and Sch{\"o}lkopf, Bernhard and Smola, Alexander},
  journal={Journal of Machine Learning Research},
  volume={13},
  number={Mar},
  pages={723--773},
  year={2012}
}

@inproceedings{iwen2017phase,
  title={Phase retrieval from local measurements in two dimensions},
  author={Iwen, Mark and Preskitt, Brian and Saab, Rayan and Viswanathan, Aditya},
  booktitle={Wavelets and Sparsity XVII},
  volume={10394},
  pages={103940X},
  year={2017},
  organization={International Society for Optics and Photonics}
}

@inproceedings{feng2017quantized,
  title={Quantized compressed sensing for partial random circulant matrices},
  author={Feng, Joe-Mei and Krahmer, Felix and Saab, Rayan},
  booktitle={2017 International Conference on Sampling Theory and Applications (SampTA)},
  pages={236--240},
  year={2017},
  organization={IEEE}
}

@article{iwen2018phase,
  title={Phase retrieval from local measurements: Improved robustness via eigenvector-based angular synchronization},
  author={Iwen, Mark A and Preskitt, Brian and Saab, Rayan and Viswanathan, Aditya},
  journal={Applied and Computational Harmonic Analysis},
  year={2018},
  publisher={Elsevier}
}

@inproceedings{needell2017simple,
  title={Simple Object Classification Using Binary Data},
  author={Needell, Deanna and Saab, Rayan and Woolf, Tina},
  booktitle={2017 AAAI Fall Symposium Series},
  year={2017}
}

@article{feng2019quantized,
  title={Quantized compressed sensing for random circulant matrices},
  author={Feng, Joe-Mei and Krahmer, Felix and Saab, Rayan},
  journal={Applied and Computational Harmonic Analysis},
  year={2019},
  publisher={Elsevier}
}

@article{lybrand2018quantization,
  title={Quantization for low-rank matrix recovery},
  author={Lybrand, Eric and Saab, Rayan},
  journal={Information and Inference: A Journal of the IMA},
  volume={8},
  number={1},
  pages={161--180},
  year={2018},
  publisher={Oxford University Press}
}

@article{saab2018compressed,
  title={From compressed sensing to compressed bit-streams: practical encoders, tractable decoders},
  author={Saab, Rayan and Wang, Rongrong and Y{\i}lmaz, {\"O}zg{\"u}r},
  journal={IEEE Transactions on Information Theory},
  volume={64},
  number={9},
  pages={6098--6114},
  year={2018},
  publisher={IEEE}
}

@inproceedings{harchaoui2009kernel,
  title={Kernel change-point analysis},
  author={Harchaoui, Za{\"\i}d and Moulines, Eric and Bach, Francis R},
  booktitle={Advances in neural information processing systems},
  pages={609--616},
  year={2009}
}



@article{needell2017weighted,
  title={Weighted-minimization for sparse recovery under arbitrary prior information},
  author={Needell, Deanna and Saab, Rayan and Woolf, Tina},
  journal={Information and Inference: A Journal of the IMA},
  volume={6},
  number={3},
  pages={284--309},
  year={2017},
  publisher={Oxford University Press}
}
@article{needell2018simple,
  title={Simple classification using binary data},
  author={Needell, Deanna and Saab, Rayan and Woolf, Tina},
  journal={The Journal of Machine Learning Research},
  volume={19},
  number={1},
  pages={2487--2516},
  year={2018},
  publisher={JMLR. org}
}
@article{mansour2017recovery,
  title={Recovery analysis for weighted $\ell_1$-minimization using the null space property},
  author={Mansour, Hassan and Saab, Rayan},
  journal={Applied and Computational Harmonic Analysis},
  volume={43},
  number={1},
  pages={23--38},
  year={2017},
  publisher={Elsevier}
}

@article{hardoon2004canonical,
  title={Canonical correlation analysis: An overview with application to learning methods},
  author={Hardoon, David R and Szedmak, Sandor and Shawe-Taylor, John},
  journal={Neural computation},
  volume={16},
  number={12},
  pages={2639--2664},
  year={2004},
  publisher={MIT Press}
}
@article{ailon2009fast,
  title={The fast Johnson--Lindenstrauss transform and approximate nearest neighbors},
  author={Ailon, Nir and Chazelle, Bernard},
  journal={SIAM Journal on computing},
  volume={39},
  number={1},
  pages={302--322},
  year={2009},
  publisher={SIAM}
}
@article{johnson1984extensions,
  title={Extensions of Lipschitz mappings into a Hilbert space},
  author={Johnson, William B and Lindenstrauss, Joram},
  journal={Contemporary mathematics},
  volume={26},
  number={189-206},
  pages={1},
  year={1984}
}

@article{lederman2018learning,
  title={Learning the geometry of common latent variables using alternating-diffusion},
  author={Lederman, Roy R and Talmon, Ronen},
  journal={Applied and Computational Harmonic Analysis},
  volume={44},
  number={3},
  pages={509--536},
  year={2018},
  publisher={Elsevier}
}

@article{talmon2018latent,
  title={Latent common manifold learning with alternating diffusion: analysis and applications},
  author={Talmon, Ronen and Wu, Hau-tieng},
  journal={Applied and Computational Harmonic Analysis},
  year={2018},
  publisher={Elsevier}
}



@article{mishne2017diffusion,
  title={Diffusion nets},
  author={Mishne, Gal and Shaham, Uri and Cloninger, Alexander and Cohen, Israel},
  journal={Applied and Computational Harmonic Analysis},
  year={2017},
  publisher={Academic Press}
}

@article{cloninger2018bigeometric,
  title={Bigeometric organization of deep nets},
  author={Cloninger, Alexander and Coifman, Ronald R and Downing, Nicholas and Krumholz, Harlan M},
  journal={Applied and Computational Harmonic Analysis},
  volume={44},
  number={3},
  pages={774--785},
  year={2018},
  publisher={Academic Press}
}

@article{shaham2018provable,
  title={Provable approximation properties for deep neural networks},
  author={Shaham, Uri and Cloninger, Alexander and Coifman, Ronald R},
  journal={Applied and Computational Harmonic Analysis},
  volume={44},
  number={3},
  pages={537--557},
  year={2018},
  publisher={Academic Press}
}

@article{cloninger2017suprema,
  title={On suprema of autoconvolutions with an application to Sidon sets},
  author={Cloninger, Alexander and Steinerberger, Stefan},
  journal={Proceedings of the American Mathematical Society},
  volume={145},
  number={8},
  pages={3191--3200},
  year={2017}
}

@article{cloninger2017spectral,
  title={Spectral echolocation via the wave embedding},
  author={Cloninger, Alexander and Steinerberger, Stefan},
  journal={Applied and Computational Harmonic Analysis},
  volume={43},
  number={3},
  pages={577--590},
  year={2017},
  publisher={Academic Press}
}

@article{cloninger2017note,
  title={A note on Markov normalized magnetic eigenmaps},
  author={Cloninger, Alexander},
  journal={Applied and Computational Harmonic Analysis},
  volume={43},
  number={2},
  pages={370--380},
  year={2017},
  publisher={Academic Press}
}

@article{cloninger2016function,
  title={Function Driven Diffusion for Personalized Counterfactual Inference},
  author={Cloninger, Alexander},
  journal={arXiv preprint arXiv:1610.10025},
  year={2016}
}

@article{downing2017describing,
  title={Describing the performance of US hospitals by applying big data analytics},
  author={Downing, Nicholas S and Cloninger, Alexander and Venkatesh, Arjun K and Hsieh, Angela and Drye, Elizabeth E and Coifman, Ronald R and Krumholz, Harlan M},
  journal={PloS one},
  volume={12},
  number={6},
  pages={e0179603},
  year={2017},
  publisher={Public Library of Science}
}

@article{cloninger2018people,
  title={People mover's distance: Class level geometry using fast pairwise data adaptive transportation costs},
  author={Cloninger, Alexander and Roy, Brita and Riley, Carley and Krumholz, Harlan M},
  journal={Applied and Computational Harmonic Analysis},
  year={2018},
  publisher={Academic Press}
}

@inproceedings{cloninger2017prediction,
  title={Prediction models for graph-linked data with localized regression},
  author={Cloninger, Alexander},
  booktitle={Wavelets and Sparsity XVII},
  volume={10394},
  pages={103940S},
  year={2017},
  organization={International Society for Optics and Photonics}
}

@article{bates2017outcome,
  title={Outcome Based Matching},
  author={Bates, Jonathan and Cloninger, Alexander},
  journal={arXiv preprint arXiv:1712.05063},
  year={2017}
}

@article{katzman2018deepsurv,
  title={DeepSurv: Personalized treatment recommender system using A Cox proportional hazards deep neural network},
  author={Katzman, Jared L and Shaham, Uri and Cloninger, Alexander and Bates, Jonathan and Jiang, Tingting and Kluger, Yuval},
  journal={BMC medical research methodology},
  volume={18},
  number={1},
  pages={24},
  year={2018},
  publisher={BioMed Central}
}

@article{cloninger2018dual,
  title={On the Dual Geometry of Laplacian Eigenfunctions},
  author={Cloninger, Alexander and Steinerberger, Stefan},
  journal={Experimental Mathematics},
  pages={1--11},
  year={2018},
  publisher={Taylor \& Francis}
}

@article{TMSN,
  author    = {Julaiti Alafate and
               Yoav Freund},
  title     = {Tell Me Something New: {A} New Framework for Asynchronous Parallel
               Learning},
  journal   = {CoRR},
  volume    = {abs/1805.07483},
  year      = {2018},
  url       = {http://arxiv.org/abs/1805.07483},
  archivePrefix = {arXiv},
  eprint    = {1805.07483},
  timestamp = {Mon, 13 Aug 2018 16:46:13 +0200},
  biburl    = {https://dblp.org/rec/bib/journals/corr/abs-1805-07483},
  bibsource = {dblp computer science bibliography, https://dblp.org}
}

@article{fastboost,
  author    = {Julaiti Alafate and
               Yoav Freund},
  title     = {Faster Boosting with Smaller Memory},
  journal   = {CoRR},
  volume    = {abs/1901.09047},
  year      = {2019},
  url       = {http://arxiv.org/abs/1901.09047},
  archivePrefix = {arXiv},
  eprint    = {1901.09047},
  timestamp = {Sat, 02 Feb 2019 16:56:00 +0100},
  biburl    = {https://dblp.org/rec/bib/journals/corr/abs-1901-09047},
  bibsource = {dblp computer science bibliography, https://dblp.org}
}

@inproceedings{cloninger2013case,
  title={A case study on data fusion with overlapping segments},
  author={Cloninger, Alexander and Czaja, Wojciech and Doster, Timothy},
  booktitle={2013 IEEE Applied Imagery Pattern Recognition Workshop (AIPR)},
  pages={1--11},
  title={LIDAR image recovery by incorporating heterogeneous imaging modalities},
  author={Cloninger, Alexander and Czaja, Wojciech},
  booktitle={Multisensor, Multisource Information Fusion: Architectures, Algorithms, and Applications 2014},
  volume={9121},
@article{cloninger2014solving,
  title={Solving 2D Fredholm integral from incomplete measurements using compressive sensing},
  author={Cloninger, Alexander and Czaja, Wojciech and Bai, Ruiliang and Basser, Peter J},
  journal={SIAM Journal on Imaging Sciences},
  author={Bai, Ruiliang and Cloninger, Alexander and Czaja, Wojciech and Basser, Peter J},
  journal={Journal of Magnetic Resonance},
  volume={255},

@inproceedings{cloninger2015eigenvector,
  title={Eigenvector localization on data-dependent graphs},
  author={Cloninger, Alexander and Czaja, Wojciech},
  booktitle={2015 International Conference on Sampling Theory and Applications (SampTA)},
  pages={608--612},
  year={2015},
  organization={IEEE}
}

@article{cloninger2017pre,
  title={The pre-image problem for Laplacian Eigenmaps utilizing L 1 regularization with applications to data fusion},
  author={Cloninger, Alexander and Czaja, Wojciech and Doster, Timothy},
  journal={Inverse Problems},
  volume={33},
  number={7},
  pages={074006},
  year={2017},
  publisher={IOP Publishing}
}

@article{cloninger2018bounding,
  title={Bounding the Error From Reference Set Kernel Maximum Mean Discrepancy},
  author={Cloninger, Alexander},
  journal={arXiv preprint arXiv:1812.04594},
  year={2018}
}

@inproceedings{cloninger2014lidar,
  title={LIDAR image recovery by incorporating heterogeneous imaging modalities},
  author={Cloninger, Alexander and Czaja, Wojciech},
  booktitle={Multisensor, Multisource Information Fusion: Architectures, Algorithms, and Applications 2014},
  volume={9121},
  pages={91210C},
  year={2014},
  organization={International Society for Optics and Photonics}
}

@article{cloninger2014solving,
  title={Solving 2D Fredholm integral from incomplete measurements using compressive sensing},
  author={Cloninger, Alexander and Czaja, Wojciech and Bai, Ruiliang and Basser, Peter J},
  journal={SIAM Journal on Imaging Sciences},
  volume={7},
  number={3},
  pages={1775--1798},
  year={2014},
  publisher={Society for Industrial and Applied Mathematics}
}

@article{bai2015efficient,
  title={Efficient 2D MRI relaxometry using compressed sensing},
  author={Bai, Ruiliang and Cloninger, Alexander and Czaja, Wojciech and Basser, Peter J},
  journal={Journal of Magnetic Resonance},
  volume={255},
  pages={88--99},
  year={2015},
  publisher={Academic Press}
}